<collection xmlns="http://www.loc.gov/MARC21/slim">
<record>
  <leader>01474nam0a2200277 i 450 </leader>
  <controlfield tag="001">IT\ICCU\CNCE\073069</controlfield>
  <controlfield tag="005">20110104000000.0</controlfield>
  <datafield tag="012" ind1=" " ind2=" ">
    <subfield code="a">a-n- ral- g-de prno (3) 1586 (A)</subfield>
    <subfield code="2">fei</subfield>
  </datafield>
  <datafield tag="100" ind1=" " ind2=" ">
    <subfield code="a">20080522d1586        0itac0103    ba</subfield>
  </datafield>
  <datafield tag="101" ind1=" " ind2=" ">
    <subfield code="a">ITA</subfield>
  </datafield>
  <datafield tag="102" ind1=" " ind2=" ">
    <subfield code="a">IT</subfield>
  </datafield>
  <datafield tag="200" ind1="1" ind2=" ">
    <subfield code="a">℗Il ℗regno del grandissimo, e beatiss. pontefice Sisto V di Christoforo figliuolo di Girolamo Sorboli theologo, e medico fisico da Bagnacauallo</subfield>
  </datafield>
  <datafield tag="210" ind1=" " ind2=" ">
    <subfield code="a">In Ferrara</subfield>
    <subfield code="c">per Vittorio Baldini stampator ducale</subfield>
    <subfield code="d">1586</subfield>
    <subfield code="e">In Ferrara</subfield>
    <subfield code="g">per Vittorio Baldini stampator ducale</subfield>
    <subfield code="h">1586</subfield>
  </datafield>
  <datafield tag="215" ind1=" " ind2=" ">
    <subfield code="a">\8!, 30, \2! p.</subfield>
    <subfield code="d">4ʻ</subfield>
  </datafield>
  <datafield tag="620" ind1=" " ind2=" ">
    <subfield code="a">IT</subfield>
    <subfield code="d">Ferrara</subfield>
  </datafield>
  <datafield tag="700" ind1=" " ind2="1">
    <subfield code="a">Sorboli,</subfield>
    <subfield code="b">Cristoforo</subfield>
    <subfield code="3">IT\ICCU\CNCA\028903</subfield>
  </datafield>
  <datafield tag="712" ind1="0" ind2="0">
    <subfield code="a">Baldini, Vittorio</subfield>
    <subfield code="3">IT\ICCU\CNCT\000024</subfield>
    <subfield code="4">650</subfield>
  </datafield>
  <datafield tag="791" ind1="0" ind2="2">
    <subfield code="a">Stamperia Camerale</subfield>
    <subfield code="c"> &lt;Ferrara&gt;</subfield>
    <subfield code="3">IT\ICCU\CNCT\002460</subfield>
    <subfield code="z">Baldini, Vittorio</subfield>
  </datafield>
  <datafield tag="791" ind1="0" ind2="0">
    <subfield code="a">Baldinus, Victorius</subfield>
    <subfield code="3">IT\ICCU\CNCT\004286</subfield>
    <subfield code="z">Baldini, Vittorio</subfield>
  </datafield>
  <datafield tag="801" ind1=" " ind2="3">
    <subfield code="a">IT</subfield>
    <subfield code="b">ICCU</subfield>
    <subfield code="c">20201115</subfield>
  </datafield>
  <datafield tag="899" ind1=" " ind2=" ">
    <subfield code="a">Biblioteca comunale Ariostea. Ferrara</subfield>
    <subfield code="1">FE0017</subfield>
    <subfield code="2">UFE AR</subfield>
  </datafield>
  <datafield tag="899" ind1=" " ind2=" ">
    <subfield code="a">Biblioteca dell&apos;Accademia nazionale dei Lincei e Corsiniana. Roma</subfield>
    <subfield code="1">RM0418</subfield>
    <subfield code="2">RML 10</subfield>
  </datafield>
  <datafield tag="899" ind1=" " ind2=" ">
    <subfield code="a">Biblioteca del Senato della Repubblica Giovanni Spadolini. Roma</subfield>
    <subfield code="1">RM0427</subfield>
    <subfield code="2">ZRM 12</subfield>
  </datafield>
  <datafield tag="899" ind1=" " ind2=" ">
    <subfield code="a">British Library. London</subfield>
    <subfield code="1">UK0001</subfield>
  </datafield>
  <datafield tag="911" ind1=" " ind2=" ">
    <subfield code="a">Nel coloph.</subfield>
    <subfield code="9">IT\ICCU\CNCM\001069</subfield>
  </datafield>
  <datafield tag="921" ind1=" " ind2=" ">
    <subfield code="a">IT\ICCU\CNCM\001069</subfield>
    <subfield code="b">Sole tramontante che illumina il vecchio continente</subfield>
    <subfield code="e">Nondum occidit</subfield>
    <subfield code="c">Q8</subfield>
    <subfield code="c">Z1108</subfield>
    <subfield code="d">Dimensione dell&apos;ovale: 4,2 x 5,5. Con o senza cornice figurata</subfield>
    <subfield code="f">SOLE</subfield>
    <subfield code="f">CONTINENTE</subfield>
    <subfield code="g">1586-1599</subfield>
  </datafield>
</record>
</collection>
